<record><leader>00000cas a22000007a 4500</leader><controlfield tag="001">28738717</controlfield><controlfield tag="008">930902d191619uunmuwr ne      0    0eng d</controlfield><controlfield tag="009">15302</controlfield><datafield ind1=" " ind2=" " tag="010"><subfield code="a">sn 93061721 </subfield></datafield><datafield ind1=" " ind2=" " tag="040"><subfield code="a">NVM</subfield><subfield code="b">eng</subfield><subfield code="c">NVM</subfield><subfield code="d">OCLCQ</subfield></datafield><datafield ind1="1" ind2=" " tag="029"><subfield code="a">AU@</subfield><subfield code="b">000025871393</subfield></datafield><datafield ind1=" " ind2=" " tag="042"><subfield code="a">msc</subfield></datafield><datafield ind1=" " ind2=" " tag="043"><subfield code="a">n-us-nm</subfield></datafield><datafield ind1="0" ind2="4" tag="245"><subfield code="a">The Montoya democrat.</subfield></datafield><datafield ind1=" " ind2=" " tag="260"><subfield code="a">Montoya, N.M. :</subfield><subfield code="b">C.B. McCormack</subfield></datafield><datafield ind1=" " ind2=" " tag="300"><subfield code="a">v.</subfield></datafield><datafield ind1=" " ind2=" " tag="310"><subfield code="a">Weekly</subfield></datafield><datafield ind1="0" ind2=" " tag="362"><subfield code="a">Vol. 7, no. 50 (June 30, 1916)-</subfield></datafield><datafield ind1=" " ind2=" " tag="530"><subfield code="a">Also on microfilm: El Paso, Tex. : Southwest Micropublishing, Inc.</subfield></datafield><datafield ind1=" " ind2="4" tag="651"><subfield code="a">Montoya (N.M.)</subfield><subfield code="v">Newspapers.</subfield></datafield><datafield ind1=" " ind2="4" tag="651"><subfield code="a">Quay County (N.M.)</subfield><subfield code="v">Newspapers.</subfield></datafield><datafield ind1=" " ind2=" " tag="752"><subfield code="a">United States</subfield><subfield code="b">New Mexico</subfield><subfield code="c">Quay</subfield><subfield code="d">Montoya.</subfield></datafield><datafield ind1="0" ind2="0" tag="780"><subfield code="t">Montoya republican</subfield><subfield code="w">(DLC)sn 93061720</subfield></datafield></record>